<record><leader>00000cas a22000007a 4500</leader><controlfield tag="001">33389033</controlfield><controlfield tag="008">951030d19361937azuwr ne      0    0eng d</controlfield><datafield ind1=" " ind2=" " tag="010"><subfield code="a">sn 95060847 </subfield></datafield><datafield ind1=" " ind2=" " tag="040"><subfield code="a">ANN</subfield><subfield code="b">eng</subfield><subfield code="c">ANN</subfield><subfield code="d">OCLCQ</subfield><subfield code="d">OCLCF</subfield><subfield code="d">OCLCO</subfield></datafield><datafield ind1="1" ind2=" " tag="029"><subfield code="a">AU@</subfield><subfield code="b">000025858166</subfield></datafield><datafield ind1=" " ind2=" " tag="042"><subfield code="a">msc</subfield></datafield><datafield ind1=" " ind2=" " tag="043"><subfield code="a">n-us-az</subfield></datafield><datafield ind1="0" ind2="0" tag="245"><subfield code="a">Arizona state press.</subfield></datafield><datafield ind1=" " ind2=" " tag="260"><subfield code="a">Tempe, Ariz. :</subfield><subfield code="b">[s.n.],</subfield><subfield code="c">1936-1937.</subfield></datafield><datafield ind1=" " ind2=" " tag="300"><subfield code="a">v.</subfield></datafield><datafield ind1=" " ind2=" " tag="310"><subfield code="a">Weekly (during the school year)</subfield></datafield><datafield ind1="0" ind2=" " tag="362"><subfield code="a">Vol. 12, no. 1 (Sept. 11, 1936)-v. 12, no. 34 (May 28, 1937).</subfield></datafield><datafield ind1=" " ind2="0" tag="651"><subfield code="a">Tempe (Ariz.)</subfield><subfield code="v">Newspapers.</subfield></datafield><datafield ind1=" " ind2="7" tag="655"><subfield code="a">Newspapers.</subfield><subfield code="2">fast</subfield><subfield code="0">(OCoLC)fst01423814</subfield></datafield><datafield ind1=" " ind2="7" tag="651"><subfield code="a">Arizona</subfield><subfield code="z">Tempe.</subfield><subfield code="2">fast</subfield><subfield code="0">(OCoLC)fst01204821</subfield></datafield><datafield ind1=" " ind2=" " tag="752"><subfield code="a">United States</subfield><subfield code="b">Arizona</subfield><subfield code="c">Maricopa</subfield><subfield code="d">Tempe.</subfield></datafield><datafield ind1="0" ind2="0" tag="780"><subfield code="t">Collegian (Tempe, Ariz.)</subfield><subfield code="w">(DLC)sn 95060846</subfield></datafield><datafield ind1="0" ind2="0" tag="785"><subfield code="t">State press (Tempe, Ariz.)</subfield><subfield code="w">(DLC)sn 95060848</subfield></datafield></record>